<record><leader>00000cas a22000007a 4500</leader><controlfield tag="001">20967462</controlfield><controlfield tag="008">900129d19771980aruwr ne      0    0eng d</controlfield><datafield ind1=" " ind2=" " tag="010"><subfield code="a">sn 90050015 </subfield></datafield><datafield ind1=" " ind2=" " tag="040"><subfield code="a">ANU</subfield><subfield code="b">eng</subfield><subfield code="c">ANU</subfield><subfield code="d">OCLCQ</subfield></datafield><datafield ind1=" " ind2=" " tag="042"><subfield code="a">msc</subfield></datafield><datafield ind1="0" ind2=" " tag="130"><subfield code="a">Salem headlight (Salem, Ark. : 1977)</subfield></datafield><datafield ind1="1" ind2="4" tag="245"><subfield code="a">The Salem headlight.</subfield></datafield><datafield ind1=" " ind2=" " tag="260"><subfield code="a">Salem, Ark. :</subfield><subfield code="b">Areawide Media, Inc.</subfield></datafield><datafield ind1=" " ind2=" " tag="300"><subfield code="a">v.</subfield></datafield><datafield ind1=" " ind2=" " tag="310"><subfield code="a">Weekly</subfield></datafield><datafield ind1="0" ind2=" " tag="362"><subfield code="a">Vol. 98, no. 3 (Sept. 1, 1977)-v. 102, no. 3 (Aug. 28, 1980).</subfield></datafield><datafield ind1=" " ind2=" " tag="515"><subfield code="a">Numbering is irregular.</subfield></datafield><datafield ind1=" " ind2=" " tag="752"><subfield code="a">United States</subfield><subfield code="b">Arkansas</subfield><subfield code="c">Fulton</subfield><subfield code="d">Salem.</subfield></datafield><datafield ind1=" " ind2=" " tag="752"><subfield code="a">United States</subfield><subfield code="b">Arkansas</subfield><subfield code="c">Sharp.</subfield></datafield><datafield ind1="0" ind2="0" tag="780"><subfield code="t">Fulton County headlight-Democrat</subfield><subfield code="w">(DLC)sn 90050011</subfield></datafield><datafield ind1="0" ind2="7" tag="785"><subfield code="t">Sharp County record (Ash Flat, Ark.)</subfield><subfield code="w">(DLC)sn 90050033</subfield></datafield><datafield ind1="0" ind2="7" tag="785"><subfield code="t">News (Salem, Ark.)</subfield><subfield code="w">(DLC)sn 90050014</subfield></datafield></record>